<record><leader>00000cas a2200000 a 4500</leader><controlfield tag="001">9541852</controlfield><controlfield tag="008">830524d18961976maudr ne      0    0eng c</controlfield><datafield ind1=" " ind2=" " tag="010"><subfield code="a">sn 83045603 </subfield></datafield><datafield ind1=" " ind2=" " tag="040"><subfield code="a">CRL</subfield><subfield code="b">eng</subfield><subfield code="c">CRL</subfield><subfield code="d">NPW</subfield><subfield code="d">NPI</subfield><subfield code="d">NPT</subfield><subfield code="d">DLC</subfield><subfield code="d">MGN</subfield><subfield code="d">OCL</subfield><subfield code="d">NYS</subfield><subfield code="d">NSD</subfield><subfield code="d">CRL</subfield><subfield code="d">NYS</subfield><subfield code="d">OCL</subfield><subfield code="d">DLC</subfield><subfield code="d">IUL</subfield><subfield code="d">DLC</subfield><subfield code="d">OCLCQ</subfield><subfield code="d">OCLCF</subfield></datafield><datafield ind1=" " ind2=" " tag="012"><subfield code="b">3</subfield></datafield><datafield ind1=" " ind2=" " tag="019"><subfield code="a">9541988</subfield><subfield code="a">9542017</subfield></datafield><datafield ind1="1" ind2=" " tag="029"><subfield code="a">AU@</subfield><subfield code="b">000040420311</subfield></datafield><datafield ind1=" " ind2=" " tag="042"><subfield code="a">pcc</subfield></datafield><datafield ind1=" " ind2=" " tag="043"><subfield code="a">n-us-ma</subfield></datafield><datafield ind1="0" ind2="0" tag="050"><subfield code="a">Newspaper 8378</subfield></datafield><datafield ind1="0" ind2="0" tag="050"><subfield code="a">Newspaper 10308</subfield></datafield><datafield ind1="0" ind2=" " tag="130"><subfield code="a">Springfield union (Springfield, Mass. : 1896 : Morning ed.)</subfield></datafield><datafield ind1="1" ind2="4" tag="245"><subfield code="a">The Springfield union.</subfield></datafield><datafield ind1="3" ind2=" " tag="246"><subfield code="a">Springfield Sunday union</subfield></datafield><datafield ind1="3" ind2=" " tag="246"><subfield code="a">Springfield union Springfield Sunday Republican</subfield></datafield><datafield ind1="3" ind2=" " tag="246"><subfield code="a">Springfield Sunday Republican</subfield></datafield><datafield ind1=" " ind2=" " tag="250"><subfield code="a">Morning ed.</subfield></datafield><datafield ind1=" " ind2=" " tag="260"><subfield code="a">Springfield, Mass. :</subfield><subfield code="b">[s.n.]</subfield></datafield><datafield ind1=" " ind2=" " tag="300"><subfield code="a">81 v.</subfield></datafield><datafield ind1=" " ind2=" " tag="310"><subfield code="a">Daily</subfield></datafield><datafield ind1="0" ind2=" " tag="362"><subfield code="a">Vol. 33, no. 57 (Feb. 29, 1896)-v. 113, no. 248 (Oct. 20, 1976).</subfield></datafield><datafield ind1=" " ind2=" " tag="500"><subfield code="a">On Sundays title varies: Sunday union, Mar. 25, 1905-Oct. 19, 1913, and: Springfield union Springfield Sunday Republican, Feb. 7, 1926-Mar. 30, 1941, and: Springfield Sunday Republican, Sept. 14, 1947-Apr. 4, 1976, and: Springfield Republican, Apr. 11-Oct. 11, 1976.</subfield></datafield><datafield ind1=" " ind2=" " tag="515"><subfield code="a">Suspended Sept. 26, 1946-Mar. 6, 1947 due to newspaper strike.</subfield></datafield><datafield ind1=" " ind2=" " tag="530"><subfield code="a">Also issued on microfilm from the Library of Congress, Photoduplication Service.</subfield></datafield><datafield ind1=" " ind2=" " tag="580"><subfield code="a">Evening ed.: Springfield union (Springfield, Mass. : 1896 : Evening ed.), Feb. 29, 1896-Mar. 6, 1905, and: Evening union (Springfield, Mass.), 1905-&lt;1910&gt;, and: Springfield evening union (Springfield, Mass. : 1931).</subfield></datafield><datafield ind1=" " ind2=" " tag="580"><subfield code="a">Weekly ed. : Springfield union (Springfield, Mass. : 1896), 1896-&lt;1902&gt;.</subfield></datafield><datafield ind1=" " ind2="0" tag="651"><subfield code="a">Springfield (Mass.)</subfield><subfield code="v">Newspapers.</subfield></datafield><datafield ind1=" " ind2="0" tag="651"><subfield code="a">Hampden County (Mass.)</subfield><subfield code="v">Newspapers.</subfield></datafield><datafield ind1=" " ind2="7" tag="655"><subfield code="a">Newspapers.</subfield><subfield code="2">fast</subfield><subfield code="0">(OCoLC)fst01423814</subfield></datafield><datafield ind1=" " ind2="7" tag="651"><subfield code="a">Massachusetts</subfield><subfield code="z">Hampden County.</subfield><subfield code="2">fast</subfield><subfield code="0">(OCoLC)fst01204934</subfield></datafield><datafield ind1=" " ind2="7" tag="651"><subfield code="a">Massachusetts</subfield><subfield code="z">Springfield.</subfield><subfield code="2">fast</subfield><subfield code="0">(OCoLC)fst01205519</subfield></datafield><datafield ind1=" " ind2=" " tag="752"><subfield code="a">United States</subfield><subfield code="b">Massachusetts</subfield><subfield code="c">Hampden</subfield><subfield code="d">Springfield.</subfield></datafield><datafield ind1="1" ind2=" " tag="775"><subfield code="t">Springfield union (Springfield, Mass. : 1896 : Evening ed.)</subfield><subfield code="w">(DLC)sn 89062601</subfield></datafield><datafield ind1="1" ind2=" " tag="775"><subfield code="t">Evening union (Springfield, Mass.)</subfield><subfield code="w">(DLC)sn 89062602</subfield></datafield><datafield ind1="1" ind2=" " tag="775"><subfield code="t">Springfield evening union (Springfield, Mass. : 1931)</subfield><subfield code="w">(DLC)sn 91066544</subfield><subfield code="w">(OCoLC)23818562</subfield></datafield><datafield ind1="1" ind2=" " tag="775"><subfield code="t">Springfield union (Springfield, Mass. : 1896)</subfield><subfield code="w">(DLC)sn 89062588</subfield></datafield><datafield ind1="0" ind2="0" tag="780"><subfield code="t">Springfield morning union</subfield><subfield code="w">(DLC)sn 85033606</subfield></datafield><datafield ind1="0" ind2="0" tag="785"><subfield code="t">Morning union (Springfield, Mass.)</subfield><subfield code="x">0191-281X</subfield><subfield code="w">(DLC)sn 86071871</subfield><subfield code="w">(OCoLC)14159203</subfield></datafield></record>